@MISC{primes,
   author = "Charles Louis Xavier Joseph de la Vall{\'e}e Poussin",
   note = "A strong form of the prime number theorem, 19th century",
   year = 1879
   }

@INBOOK{chicago,
   title = "The Chicago Manual of Style",
   publisher = "University of Chicago Press",
   edition = "Thirteenth",
   year = 1982,
   pages = "400--401",
   key = "Chicago"
   }

@BOOK{texbook,
   author = "Donald E. Knuth",
   title= "The {{\texttt{TeX}}book}",
   publisher = "Addison-Wesley",
   year = 1984
   }

@BOOK{latexbook,
   author = "Leslie Lamport",
   title = "{\texttt{LaTeX} \rm:} {A} Document Preparation System",
   publisher = "Addison-Wesley",
   year = 1986
   }

@UNPUBLISHED{btxdoc,
   author = "Oren Patashnik",
   title = "{Using BibTeX}",
   note = "Documentation for general BibTeX users",
   month = jan,
   year = 1988
   }

@UNPUBLISHED{btxhak,
   author = "Oren Patashnik",
   title = "Designing BibTeX Styles",
   note = "The part of BibTeX's documentation
                            that's not meant for general users",
   month = jan,
   year = 1988
   }

@BOOK{strunk,
   author = "Strunk, Jr., William and E. B. White",
   title = "The Elements of Style",
   publisher = "Macmillan",
   edition = "Third",
   year = 1979
   }

@book{vanleunen,
   title = "A Handbook for Scholars",
   author = "Mary-Claire van Leunen",
   publisher = "Knopf",
   year = "1979"
   }

@ARTICLE{Zurek:1993,
   AUTHOR  = {Zurek, R. W. and Martin, L. J.},
   TITLE   = {Interannual Variability of planet-encircling dust activity on {M}ars},  
   YEAR    = {1993},
   JOURNAL = jgr,
   VOLUME  = {98},
   NUMBER  = {E2},
   PAGES   = {3247--3259}
   }

@Article{Narendra_1990,
  author =       {K.S.Narendra and K.Parthsarathy},
  title =        {Identification and Control of Dynamical System
                  using Neural Networks},
  journal =      "IEENN",
  year =         {1990},
  volume =    {1},
  number =    {1},
  month =     {},
  pages =     {4-27},
  note =      {},
  annote =    {}
  }

@ONLINE{spliterator,
  author = {Oracle},
  title = {Spliterator},
  url = {https://docs.oracle.com/javase/8/docs/api/java/util/Spliterator.html\#forEachRemaining-java.util.function.Consumer-},
  urldate = {2017-10-16}
  }

@ONLINE{serializedlambda,
  author = {Oracle},
  title = {Serialized Lambda},
  url = {https://docs.oracle.com/javase/8/docs/api/java/lang/invoke/SerializedLambda.html},
  urldate = {2017-12-06}
  }

@ONLINE{stackoverflowlambdacode,
  author = {bennyl},
  title = {How to read lambda expression bytecode using ASM},
  month = MAR,
  year = {2017},
  url = {https://stackoverflow.com/a/35223119},
  urldate = {2017-12-06}
  }

@ONLINE{guava,
  author = {Kevin Bourrillion and Jared Levy, Google},
  year= {2009},
  title = {Guava},
  url = {https://github.com/google/guava},
  urldate = {2018-06-13}
  }

@ONLINE{streamex,
  author = {amaembo},
  title = {StreamEx},
  url = {https://github.com/amaembo/streamex},
  urldate = {2018-06-13}
  }

@ONLINE{jool,
  author = {Lukas Eder},
  year = {2014},
  title = {jOOL},
  url = {https://github.com/jOOQ/jOOL},
  urldate = {2018-06-13}
  }

@ONLINE{cyclops,
  author = {John McClean},
  year = {2014},
  title = {Cyclops},
  url = {https://github.com/aol/cyclops-react/},
  urldate = {2018-06-13}
  }
  
@ONLINE{vavr,
  author = {Daniel Dietrich},
  year = {2014},
  title = {Cyclops},
  url = {https://github.com/vavr-io/vavr},
  urldate = {2018-06-13}
  }
  
@ONLINE{csharpindepth,
  author = {Jon Skeet},
  year = {2013},
  title = {C\# in Depth},
  url = {http://csharpindepth.com/Articles/Chapter6/IteratorBlockImplementation.aspx},
  urldate = {2018-03-15}
  }